@Book{TESTBOOK,
  author = 	 {Lai, M.; Wong, D.F.},
  title = 	 {Slicing tree is a complete floorplan representation},
  year = 	 2001,
  publisher = 	 {Oxford University Press},
  address = 	 {New York}
}

@Article{LW2001,
  author = 	 {Lai, M.; Wong, D.F.},
  title = 	 {Slicing tree is a complete floorplan representation},
  year = 	 2001
};

@Article{BSG1996,
  author = 	 {Nakatake, S.; Fujiyoshi, K.; Murata, H.; Kajitani, Y.},
  title = 	 {Module placement on BSG-structure and IC layout applications},
  year = 	 1996
};


@Article{USIMM,
  author = 	 {University of Utah and Intel Corp.},
  title = 	 {USIMM: the Utah SImulated Memory Module},
  year = 	 2012
};

@Article{WIKI_NAND,
  author = 	 {Wikipedia},
  title = 	 {Flash memory},
  url = {http://en.wikipedia.org/wiki/Flash\_memory}
  year = 	 2011
};

@Article{NAND_DATASHEET,
  author = 	 {Sumsung Inc.},
  title = 	 {K9F2G08U0M Datasheet},
  year = 	 2011
};

@Article{YAFFS2,
  author = 	 {Yaffs2 Homepage},
  title = 	 {YAFFS Direct User Guide},
  url = {http://www.yaffs.net/yaffs-direct-user-guide}
  year = 	 2011
};



